% Encoding: UTF-8

%%%% @Comment{TECNOLOGIAS}

%%% @Comment{Algoritmos}

%% @Comment{XGBoost}

@InProceedings{XGBoostTutorial,
  doi = {10.1145/2939672.2939785},  
  url = {https://doi.org/10.1145%2F2939672.2939785},  
  year = 2016,
  month = {aug},  
  publisher = {{ACM}},  
  author = {Tianqi Chen and Carlos Guestrin},  
  title = {{XGBoost}},  
  booktitle = {Proceedings of the 22nd {ACM} {SIGKDD} International Conference on Knowledge Discovery and Data Mining}
}


@online{NvidiaXGBoost,
  author = {Nvidia},
  title = {Nvidia XGBoost},
  url = {https://www.nvidia.com/en-us/glossary/data-science/xgboost/}
}

%% @Comment{NN}

@online{Softmax,
  author = {Wikipedia},
  title = {Softmax Function},
  url = {https://en.wikipedia.org/wiki/Softmax_function}
}

@online{Cross-Entropy,
  author = {Kiprono Elijah Koech},
  title = {Cross-Entropy Loss Function},
  url = {https://towardsdatascience.com/cross-entropy-loss-function-f38c4ec8643e}
}

@misc{LearningRate,
  doi = {10.48550/ARXIV.1803.09820},
  url = {https://arxiv.org/abs/1803.09820},  
  author = {Smith, Leslie N.},  
  keywords = {Machine Learning (cs.LG), Computer Vision and Pattern Recognition (cs.CV), Neural and Evolutionary Computing (cs.NE), Machine Learning (stat.ML), FOS: Computer and information sciences, FOS: Computer and information sciences},  
  title = {A disciplined approach to neural network hyper-parameters: Part 1 -- learning rate, batch size, momentum, and weight decay},  
  publisher = {arXiv},  
  year = {2018},  
  copyright = {arXiv.org perpetual, non-exclusive license}
}


@misc{BatchNormalization,
  doi = {10.48550/ARXIV.1502.03167},
  url = {https://arxiv.org/abs/1502.03167},
  author = {Ioffe, Sergey and Szegedy, Christian},
  keywords = {Machine Learning (cs.LG), FOS: Computer and information sciences, FOS: Computer and information sciences},
  title = {Batch Normalization: Accelerating Deep Network Training by Reducing Internal Covariate Shift},
  publisher = {arXiv},
  year = {2015},
  copyright = {arXiv.org perpetual, non-exclusive license}
}

@book{KL-Divergence,
  title={Information theory and statistics},
  author={Kullback, Solomon},
  year={1997},
  publisher={Courier Corporation}
}


@online{FiltersFeatureMaps,
  author = {Renu Khandelwal},
  title = {Filters and Feature Maps},
  url = {https://towardsdatascience.com/convolutional-neural-network-feature-map-and-filter-visualization-f75012a5a49c}
}



%% @Comment{Conv1D}

@misc{Conv1D_Survey,
  doi = {10.48550/ARXIV.1905.03554},
  url = {https://arxiv.org/abs/1905.03554},
  author = {Kiranyaz, Serkan and Avci, Onur and Abdeljaber, Osama and Ince, Turker and Gabbouj, Moncef and Inman, Daniel J.},
  keywords = {Signal Processing (eess.SP), Artificial Intelligence (cs.AI), FOS: Electrical engineering, electronic engineering, information engineering, FOS: Electrical engineering, electronic engineering, information engineering, FOS: Computer and information sciences, FOS: Computer and information sciences},
  title = {1D Convolutional Neural Networks and Applications: A Survey},
  publisher = {arXiv},
  year = {2019},
  copyright = {arXiv.org perpetual, non-exclusive license}
}

@online{Kernels,
  author = {Prakhar Ganesh},
  title = {Types of Convolution Kernels : Simplified},
  url = {https://towardsdatascience.com/types-of-convolution-kernels-simplified-f040cb307c37}
}

@Comment{KNN}

@article{KNN,
  title={An introduction to kernel and nearest-neighbor nonparametric regression},
  author={Altman, Naomi S},
  journal={The American Statistician},
  volume={46},
  number={3},
  pages={175--185},
  year={1992},
  publisher={Taylor \& Francis}
}


%%%% Comment{Herramientas} %%%%

@online{Python,
  author = {Python},
  title = {Python Language},
  url = {https://www.python.org/about/quotes/}
}


@online{Tensorflow,
  author = {tensorflow},
  title = {Tensorflow Library},
  url = {https://www.tensorflow.org}
}

@online{Pandas,
  author = {pandas-dev},
  title = {Pandas Library},
  url = {https://pandas.pydata.org/docs/getting_started/overview.html}
}

@online{Scikit-Learn,
  author = {scikit-learn},
  title = {Scikit-learn Library},
  url = {https://scikit-learn.org/stable/}
}

@online{XGBoostLibrary,
  author = {dmlc},
  title = {Xgboost Library},
  url = {https://xgboost.readthedocs.io/en/stable/}
}

@online{CUDA,
  author = {Nvidia},
  title = {CUDA Library},
  url = {https://developer.nvidia.com/cuda-zone}
}

@online{Anaconda,
  author = {Anaconda, Inc},
  title = {Anaconda library},
  url = {https://www.anaconda.com/}
}

@online{DiagramsNet,
  author = {jGraph},
  title = {DiagramsNet Software},
  url = {https://www.diagrams.net/}
}

@online{GoogleMeet,
  author = {Google},
  title = {Google Meets Application},
  url = {https://meet.google.com/}
}

@online{Github,
  author = {Github},
  title = {Github SVC},
  url = {https://github.com/}
}

@online{JupyterNotebook,
  author = {Project Jupyter},
  title = {Jupyter Notebook},
  url = {https://jupyter.org/}
}

@online{JupyterLab,
  author = {Project Jupyter},
  title = {Jupyter Lab},
  url = {https://jupyterlab.readthedocs.io/en/stable/}
}


@Comment{METODOLOGIA}

@Comment{Datos}


@online{Dataset,
  author = {Portal de Datos Abiertos del Ayuntamiento de Madrid},
  title = {Accidentes de tráfico Madrid},
  url = {https://datos.madrid.es/portal/site/egob/menuitem.c05c1f754a33a9fbe4b2e4b284f1a5a0/?vgnextoid=7c2843010d9c3610VgnVCM2000001f4a900aRCRD&vgnextchannel=374512b9ace9f310VgnVCM100000171f5a0aRCRD&vgnextfmt=default},
  urldate = {2022-05-11}
}

@Comment{Muestreo}

@Comment{synthetic data}

@article{SMOTEII,
  doi = {10.1613/jair.953},  
  url = {https://doi.org/10.1613%2Fjair.953},  
  year = 2002,
  month = {jun},  
  publisher = {{AI} Access Foundation},  
  volume = {16},  
  pages = {321--357},  
  author = {N. V. Chawla and K. W. Bowyer and L. O. Hall and W. P. Kegelmeyer},  
  title = {{SMOTE}: Synthetic Minority Over-sampling Technique},  
  journal = {Journal of Artificial Intelligence Research}
}

@Comment{Muestreo}

@Comment{Algoritmo Genético}

@Comment{XGBoost}

@Comment{Construcción de imágenes}

@Comment{Modelos implementados}




@Comment{jabref-meta: databaseType:biblatex;}
