% Encoding: UTF-8

% Prediccion Severidad %
@Article{app7060476,
	title        = {Severity Prediction of Traffic Accidents with Recurrent Neural Networks},
	author       = {Sameen, Maher Ibrahim and Pradhan, Biswajeet},
	year         = 2017,
	journal      = {Applied Sciences},
	volume       = 7,
	number       = 6,
	issn         = {2076-3417},
	url          = {https://www.mdpi.com/2076-3417/7/6/476},
	article-number = 476
}
@InProceedings{9693055,
	title        = {Road Accident Severity Prediction — A Comparative Analysis of Machine Learning Algorithms},
	author       = {Malik, Sumbal and El Sayed, Hesham and Khan, Manzoor Ahmed and Khan, Muhammad Jalal},
	year         = 2021,
	booktitle    = {2021 IEEE Global Conference on Artificial Intelligence and Internet of Things (GCAIoT)},
	volume       = {},
	number       = {},
	pages        = {69--74},
	doi          = {10.1109/GCAIoT53516.2021.9693055}
}
@Article{Yang2023,
	title        = {Prediction of Traffic Accident Severity Based on Random Forest},
	author       = {Yang, Jianjun and Han, Siyuan and Chen, Yimeng},
	year         = 2023,
	month        = {Feb},
	day          = {01},
	journal      = {Journal of Advanced Transportation},
	publisher    = {Hindawi},
	volume       = 2023,
	pages        = 7641472,
	doi          = {10.1155/2023/7641472},
	issn         = {0197-6729},
	url          = {https://doi.org/10.1155/2023/7641472}
}
% UNDERSAMPLING-OVERSAMPLING %
@Article{zoubir2007bootstrap,
	title        = {Bootstrap methods and applications},
	author       = {Zoubir, Abdefihak M and Iskandler, D Robert},
	year         = 2007,
	journal      = {IEEE Signal Processing Magazine},
	publisher    = {IEEE},
	volume       = 24,
	number       = 4,
	pages        = {10--19}
}
@InProceedings{mohammed2020machine,
	title        = {Machine learning with oversampling and undersampling techniques: overview study and experimental results},
	author       = {Mohammed, Roweida and Rawashdeh, Jumanah and Abdullah, Malak},
	year         = 2020,
	booktitle    = {2020 11th international conference on information and communication systems (ICICS)},
	pages        = {243--248},
	organization = {IEEE}
}
@Article{abdi2015combat,
	title        = {To combat multi-class imbalanced problems by means of over-sampling techniques},
	author       = {Abdi, Lida and Hashemi, Sattar},
	year         = 2015,
	journal      = {IEEE transactions on Knowledge and Data Engineering},
	publisher    = {IEEE},
	volume       = 28,
	number       = 1,
	pages        = {238--251}
}
@InProceedings{han2005borderline,
	title        = {Borderline-SMOTE: a new over-sampling method in imbalanced data sets learning},
	author       = {Han, Hui and Wang, Wen-Yuan and Mao, Bing-Huan},
	year         = 2005,
	booktitle    = {International conference on intelligent computing},
	pages        = {878--887},
	organization = {Springer}
}
% Genetico Algorithms
@Article{wang2020comparative,
	title        = {A comparative review between Genetic Algorithm use in composite optimisation and the state-of-the-art in evolutionary computation},
	author       = {Wang, ZhenZhou and Sobey, Adam},
	year         = 2020,
	journal      = {Composite Structures},
	publisher    = {Elsevier},
	volume       = 233,
	pages        = 111739
}
@Article{Katoch2021,
	title        = {A review on genetic algorithm: past, present, and future},
	author       = {Katoch, Sourabh and Chauhan, Sumit Singh and Kumar, Vijay},
	year         = 2021,
	month        = {Feb},
	day          = {01},
	journal      = {Multimedia Tools and Applications},
	volume       = 80,
	number       = 5,
	pages        = {8091--8126},
	doi          = {10.1007/s11042-020-10139-6},
	issn         = {1573-7721},
	url          = {https://doi.org/10.1007/s11042-020-10139-6}
}
@InProceedings{5483775,
	title        = {A multi-objective genetic algorithm based approach for energy efficient QoS-routing in two-tiered Wireless Sensor Networks},
	author       = {EkbataniFard, G. Hossein and Monsefi, Reza and Akbarzadeh-T, Mohammad-R. and Yaghmaee, Mohammad H.},
	year         = 2010,
	booktitle    = {IEEE 5th International Symposium on Wireless Pervasive Computing 2010},
	volume       = {},
	number       = {},
	pages        = {80--85},
	doi          = {10.1109/ISWPC.2010.5483775}
}
@Article{PACHEPSKY1998213,
	title        = {Stochastic imaging of soil parameters to assess variability and uncertainty of crop yield estimates},
	author       = {Yakov Pachepsky and Basil Acock},
	year         = 1998,
	journal      = {Geoderma},
	volume       = 85,
	number       = 2,
	pages        = {213--229},
	doi          = {https://doi.org/10.1016/S0016-7061(98)00021-4},
	issn         = {0016-7061},
	url          = {https://www.sciencedirect.com/science/article/pii/S0016706198000214},
	keywords     = {spatial variability, stochastic imaging, crop simulation, genetic algorithm, soil sampling, precision farming}
}
@Article{GHOSH2020106692,
	title        = {A data-driven understanding of COVID-19 dynamics using sequential genetic algorithm based probabilistic cellular automata},
	author       = {Sayantari Ghosh and Saumik Bhattacharya},
	year         = 2020,
	journal      = {Applied Soft Computing},
	volume       = 96,
	pages        = 106692,
	doi          = {https://doi.org/10.1016/j.asoc.2020.106692},
	issn         = {1568-4946},
	url          = {https://www.sciencedirect.com/science/article/pii/S156849462030630X},
	keywords     = {Epidemiological model, Probabilistic cellular automata, Genetic algorithm, Real data modelling}
}
% Hyperparams optimization
@Misc{yu2020hyperparameter,
	title        = {Hyper-Parameter Optimization: A Review of Algorithms and Applications},
	author       = {Tong Yu and Hong Zhu},
	year         = 2020,
	eprint       = {2003.05689},
	archiveprefix = {arXiv},
	primaryclass = {cs.LG}
}
@Article{bergstra2012random,
	title        = {Random search for hyper-parameter optimization.},
	author       = {Bergstra, James and Bengio, Yoshua},
	year         = 2012,
	journal      = {Journal of machine learning research},
	volume       = 13,
	number       = 2
}
@InProceedings{alibrahim2021hyperparameter,
	title        = {Hyperparameter optimization: Comparing genetic algorithm against grid search and bayesian optimization},
	author       = {Alibrahim, Hussain and Ludwig, Simone A},
	year         = 2021,
	booktitle    = {2021 IEEE Congress on Evolutionary Computation (CEC)},
	pages        = {1551--1559},
	organization = {IEEE}
}
% Algoritmos de construcción de matrices
@Article{Bazgir2020,
	title        = {Representation of features as images with neighborhood dependencies for compatibility with convolutional neural networks},
	author       = {Bazgir, Omid and Zhang, Ruibo and Dhruba, Saugato Rahman and Rahman, Raziur and Ghosh, Souparno and Pal, Ranadip},
	year         = 2020,
	month        = {Sep},
	day          = {01},
	journal      = {Nature Communications},
	volume       = 11,
	number       = 1,
	pages        = 4391,
	doi          = {10.1038/s41467-020-18197-y},
	issn         = {2041-1723},
	url          = {https://doi.org/10.1038/s41467-020-18197-y}
}
@Misc{ma2019omicsmapnet,
	title        = {OmicsMapNet: Transforming omics data to take advantage of Deep Convolutional Neural Network for discovery},
	author       = {Shiyong Ma and Zhen Zhang},
	year         = 2019,
	eprint       = {1804.05283},
	archiveprefix = {arXiv},
	primaryclass = {stat.ML}
}
@Article{Zhu2021,
	title        = {Converting tabular data into images for deep learning with convolutional neural networks},
	author       = {Zhu, Yitan and Brettin, Thomas and Xia, Fangfang and Partin, Alexander and Shukla, Maulik and Yoo, Hyunseung and Evrard, Yvonne A. and Doroshow, James H. and Stevens, Rick L.},
	year         = 2021,
	month        = {May},
	day          = 31,
	journal      = {Scientific Reports},
	volume       = 11,
	number       = 1,
	pages        = 11325,
	doi          = {10.1038/s41598-021-90923-y},
	issn         = {2045-2322},
	url          = {https://doi.org/10.1038/s41598-021-90923-y}
}
@Article{Sharma2019,
	title        = {DeepInsight: A methodology to transform a non-image data to an image for convolution neural network architecture},
	author       = {Sharma, Alok and Vans, Edwin and Shigemizu, Daichi and Boroevich, Keith A. and Tsunoda, Tatsuhiko},
	year         = 2019,
	month        = {Aug},
	day          = {06},
	journal      = {Scientific Reports},
	volume       = 9,
	number       = 1,
	pages        = 11399,
	doi          = {10.1038/s41598-019-47765-6},
	issn         = {2045-2322},
	url          = {https://doi.org/10.1038/s41598-019-47765-6}
}
@Article{van2008visualizing,
	title        = {Visualizing data using t-SNE.},
	author       = {Van der Maaten, Laurens and Hinton, Geoffrey},
	year         = 2008,
	journal      = {Journal of machine learning research},
	volume       = 9,
	number       = 11
}
@Article{CNN1D,
	title        = {1D convolutional neural networks and applications: A survey},
	author       = {Serkan Kiranyaz and Onur Avci and Osama Abdeljaber and Turker Ince and Moncef Gabbouj and Daniel J. Inman},
	year         = 2021,
	journal      = {Mechanical Systems and Signal Processing},
	volume       = 151,
	pages        = 107398,
	doi          = {https://doi.org/10.1016/j.ymssp.2020.107398},
	issn         = {0888-3270},
	url          = {https://www.sciencedirect.com/science/article/pii/S0888327020307846},
	keywords     = {Artificial Neural Networks, Machine learning, Deep learning, Convolutional neural networks, Structural health monitoring, Condition monitoring, Arrhythmia detection and identification, Fault detection, Structural damage detection}
}
% Aplicaciones 1D %
@Article{khodabandehlou2019vibration,
	title        = {Vibration-based structural condition assessment using convolution neural networks},
	author       = {Khodabandehlou, Hamid and Pekcan, G{\"o}khan and Fadali, M Sami},
	year         = 2019,
	journal      = {Structural Control and Health Monitoring},
	publisher    = {Wiley Online Library},
	volume       = 26,
	number       = 2,
	pages        = {e2308}
}
@Article{Kiranyaz2017tt,
	title        = {Personalized Monitoring and Advance Warning System for Cardiac Arrhythmias},
	author       = {Kiranyaz, Serkan and Ince, Turker and Gabbouj, Moncef},
	year         = 2017,
	month        = aug,
	journal      = {Sci Rep},
	address      = {England},
	volume       = 7,
	number       = 1,
	pages        = 9270,
	language     = {en}
}
@Misc{allamy20211d,
	title        = {1D CNN Architectures for Music Genre Classification},
	author       = {Safaa Allamy and Alessandro Lameiras Koerich},
	year         = 2021,
	eprint       = {2105.07302},
	archiveprefix = {arXiv},
	primaryclass = {cs.SD}
}
% Aplicaciones 2D %
@Article{9451544,
	title        = {A Survey of Convolutional Neural Networks: Analysis, Applications, and Prospects},
	author       = {Li, Zewen and Liu, Fan and Yang, Wenjie and Peng, Shouheng and Zhou, Jun},
	year         = 2022,
	journal      = {IEEE Transactions on Neural Networks and Learning Systems},
	volume       = 33,
	number       = 12,
	pages        = {6999--7019},
	doi          = {10.1109/TNNLS.2021.3084827}
}
@InProceedings{7064414,
	title        = {Medical image classification with convolutional neural network},
	author       = {Li, Qing and Cai, Weidong and Wang, Xiaogang and Zhou, Yun and Feng, David Dagan and Chen, Mei},
	year         = 2014,
	booktitle    = {2014 13th International Conference on Control Automation Robotics & Vision (ICARCV)},
	volume       = {},
	number       = {},
	pages        = {844--848},
	doi          = {10.1109/ICARCV.2014.7064414}
}
@InProceedings{6909616,
	title        = {DeepFace: Closing the Gap to Human-Level Performance in Face Verification},
	author       = {Taigman, Yaniv and Yang, Ming and Ranzato, Marc'Aurelio and Wolf, Lior},
	year         = 2014,
	booktitle    = {2014 IEEE Conference on Computer Vision and Pattern Recognition},
	volume       = {},
	number       = {},
	pages        = {1701--1708},
	doi          = {10.1109/CVPR.2014.220}
}
@InProceedings{long2015fully,
	title        = {Fully convolutional networks for semantic segmentation},
	author       = {Long, Jonathan and Shelhamer, Evan and Darrell, Trevor},
	year         = 2015,
	booktitle    = {Proceedings of the IEEE conference on computer vision and pattern recognition},
	pages        = {3431--3440}
}
% FEATURE IMPORTANCE METHODS %
@Article{Saarela2021,
	title        = {Comparison of feature importance measures as explanations for classification models},
	author       = {Saarela, Mirka and Jauhiainen, Susanne},
	year         = 2021,
	month        = {Feb},
	day          = {03},
	journal      = {SN Applied Sciences},
	volume       = 3,
	number       = 2,
	pages        = 272,
	doi          = {10.1007/s42452-021-04148-9},
	issn         = {2523-3971},
	url          = {https://doi.org/10.1007/s42452-021-04148-9}
}
@InProceedings{Chen_2016,
	title        = {XGBoost: A Scalable Tree Boosting System},
	author       = {Chen, Tianqi and Guestrin, Carlos},
	year         = 2016,
	month        = aug,
	booktitle    = {Proceedings of the 22nd ACM SIGKDD International Conference on Knowledge Discovery and Data Mining},
	publisher    = {ACM},
	series       = {KDD ’16},
	doi          = {10.1145/2939672.2939785},
	url          = {http://dx.doi.org/10.1145/2939672.2939785},
	collection   = {KDD ’16}
}
% ¿Cómo medir la gravedad de un accidente?
@Article{hosseinzadeh2021investigating,
	title        = {Investigating factors affecting severity of large truck-involved crashes: Comparison of the SVM and random parameter logit model},
	author       = {Hosseinzadeh, Aryan and Moeinaddini, Amin and Ghasemzadeh, Ali},
	year         = 2021,
	journal      = {Journal of safety research},
	publisher    = {Elsevier},
	volume       = 77,
	pages        = {151--160}
}
@Article{panicker2022injury,
	title        = {Injury severity prediction model for two-wheeler crashes at mid-block road sections},
	author       = {Panicker, Anju K and Ramadurai, Gitakrishnan},
	year         = 2022,
	journal      = {International journal of crashworthiness},
	publisher    = {Taylor \& Francis},
	volume       = 27,
	number       = 2,
	pages        = {328--336}
}
@Article{prati2017using,
	title        = {Using data mining techniques to predict the severity of bicycle crashes},
	author       = {Prati, Gabriele and Pietrantoni, Luca and Fraboni, Federico},
	year         = 2017,
	journal      = {Accident Analysis \& Prevention},
	publisher    = {Elsevier},
	volume       = 101,
	pages        = {44--54}
}
@Article{zhang2022hybrid,
	title        = {Hybrid feature selection-based machine learning Classification system for the prediction of injury severity in single and multiple-vehicle accidents},
	author       = {Zhang, Shuguang and Khattak, Afaq and Matara, Caroline Mongina and Hussain, Arshad and Farooq, Asim},
	year         = 2022,
	journal      = {PLoS one},
	publisher    = {Public Library of Science San Francisco, CA USA},
	volume       = 17,
	number       = 2,
	pages        = {e0262941}
}
@Article{ma2021analytic,
	title        = {An analytic framework using deep learning for prediction of traffic accident injury severity based on contributing factors},
	author       = {Ma, Zhengjing and Mei, Gang and Cuomo, Salvatore},
	year         = 2021,
	journal      = {Accident Analysis \& Prevention},
	publisher    = {Elsevier},
	volume       = 160,
	pages        = 106322
}
% Cómo predecir la gravedad de un accidente de tráfico?


%%% Herramientas Utilizadas
@Misc{Python,
	title        = {Python Language},
	author       = {Python},
	year         = 2022,
	url          = {https://www.python.org/about/quotes/}
}
@Misc{Tensorflow,
	title        = {Tensorflow Library},
	author       = {tensorflow},
	year         = 2022,
	url          = {https://www.tensorflow.org}
}
@Misc{Pandas,
	title        = {Pandas Library},
	author       = {pandas-dev},
	year         = 2022,
	url          = {https://pandas.pydata.org/docs/getting_started/overview.html}
}
@Misc{Scikit-Learn,
	title        = {Scikit-learn Library},
	author       = {scikit-learn},
	year         = 2022,
	url          = {https://scikit-learn.org/stable/}
}
@Misc{XGBoostLibrary,
	title        = {Xgboost Library},
	author       = {dmlc},
	year         = 2022,
	url          = {https://xgboost.readthedocs.io/en/stable/}
}
@Misc{CUDA,
	title        = {CUDA Library},
	author       = {Nvidia},
	year         = 2022,
	url          = {https://developer.nvidia.com/cuda-zone}
}
@Misc{Anaconda,
	title        = {Anaconda library},
	author       = {Anaconda, Inc},
	year         = 2022,
	url          = {https://www.anaconda.com/}
}
@Misc{DiagramsNet,
	title        = {DiagramsNet Software},
	author       = {jGraph},
	year         = 2022,
	url          = {https://www.diagrams.net/}
}
@Misc{GoogleMeet,
	title        = {Google Meets Application},
	author       = {Google},
	year         = 2022,
	url          = {https://meet.google.com/}
}
@Misc{Github,
	title        = {Github SVC},
	author       = {Github},
	year         = 2022,
	url          = {https://github.com/}
}
@Misc{JupyterNotebook,
	title        = {Jupyter Notebook},
	author       = {Project Jupyter},
	year         = 2022,
	url          = {https://jupyter.org/}
}
@Misc{JupyterLab,
	title        = {Jupyter Lab},
	author       = {Project Jupyter},
	year         = 2022,
	url          = {https://jupyterlab.readthedocs.io/en/stable/}
}
% Construcción de un modelo de predicción de la gravedad de un accidente de tráfico %
%% Modelo GTAAF %%
%%% Limpieza %%%
@Book{ilyas2019data,
	title        = {Data cleaning},
	author       = {Ilyas, Ihab F and Chu, Xu},
	year         = 2019,
	publisher    = {Morgan \& Claypool}
}
@Article{su14031729,
	title        = {Traffic Accident Severity Prediction Based on Random Forest},
	author       = {Yan, Miaomiao and Shen, Yindong},
	year         = 2022,
	journal      = {Sustainability},
	volume       = 14,
	number       = 3,
	doi          = {10.3390/su14031729},
	issn         = {2071-1050},
	url          = {https://www.mdpi.com/2071-1050/14/3/1729},
	article-number = 1729
}
@Article{app10010129,
	title        = {Model Evaluation for Forecasting Traffic Accident Severity in Rainy Seasons Using Machine Learning Algorithms: Seoul City Study},
	author       = {Lee, Jonghak and Yoon, Taekwan and Kwon, Sangil and Lee, Jongtae},
	year         = 2020,
	journal      = {Applied Sciences},
	volume       = 10,
	number       = 1,
	doi          = {10.3390/app10010129},
	issn         = {2076-3417},
	url          = {https://www.mdpi.com/2076-3417/10/1/129},
	article-number = 129
}
@Article{Sattar2023,
	title        = {Transparent deep machine learning framework for predicting traffic crash severity},
	author       = {Sattar, Karim and Chikh Oughali, Feras and Assi, Khaled and Ratrout, Nedal and Jamal, Arshad and Masiur Rahman, Syed},
	year         = 2023,
	month        = {Jan},
	day          = {01},
	journal      = {Neural Computing and Applications},
	volume       = 35,
	number       = 2,
	pages        = {1535--1547},
	doi          = {10.1007/s00521-022-07769-2},
	issn         = {1433-3058},
	url          = {https://doi.org/10.1007/s00521-022-07769-2}
}
% DATASET %
@Misc{InfoDatasetMadrid,
	title        = {Accidentes de tráfico de la Ciudad de Madrid},
	author       = {Portal de Datos Abiertos del Ayuntamiento de Madrid},
	year         = 2019,
	note         = {Available at \url{https://datos.madrid.es/portal/site/egob/menuitem.c05c1f754a33a9fbe4b2e4b284f1a5a0/?vgnextoid=7c2843010d9c3610VgnVCM2000001f4a900aRCRD&vgnextchannel=374512b9ace9f310VgnVCM100000171f5a0aRCRD&vgnextfmt=default}}
}
@Misc{InfoDatasetVictoria,
	title        = {Crash Stats - Data Extract},
	author       = {Victorian Department of Transport and Planning.},
	year         = 2014,
	note         = {Available at \url{https://discover.data.vic.gov.au/dataset/crash-stats-data-extract}}
}
@Misc{DatasetUK,
	title        = {Reported road collisions, vehicles and casualties tables for Great Britain},
	author       = {Department for Transport},
	year         = 2023,
	note         = {Available at \url{https://www.gov.uk/government/statistical-data-sets/reported-road-accidents-vehicles-and-casualties-tables-for-great-britain}}
}
%% Carreteras de UK %%
@Misc{UKDepartmentForTransportRoadClassification,
	title        = {Guidance on road classification and the primary route network},
	author       = {Department for Transport},
	year         = 2023,
	url          = {https://www.gov.uk/government/publications/guidance-on-road-classification-and-the-primary-route-network/guidance-on-road-classification-and-the-primary-route-network}
}
% La descripción de las carreteras se ha cogido de aquí:
% https://www.eastriding.gov.uk/environment/roads-streets-traffic-and-parking/roads-pavements-and-traffic/classification-of-roads/


% Normalización %
@Article{DataNormalizationInvestigation,
	title        = {Investigating the impact of data normalization on classification performance},
	author       = {Dalwinder Singh and Birmohan Singh},
	year         = 2020,
	journal      = {Applied Soft Computing},
	volume       = 97,
	pages        = 105524
}
@Article{PEREZSALA2023113245,
	title        = {Deep learning model of convolutional neural networks powered by a genetic algorithm for prevention of traffic accidents severity},
	author       = {Luis Pérez-Sala and Manuel Curado and Leandro Tortosa and Jose F. Vicent},
	year         = 2023,
	journal      = {Chaos, Solitons & Fractals},
	volume       = 169,
	pages        = 113245,
	doi          = {https://doi.org/10.1016/j.chaos.2023.113245},
	issn         = {0960-0779},
	url          = {https://www.sciencedirect.com/science/article/pii/S0960077923001467},
	keywords     = {Convolutional neural networks, Genetic algorithm, Data analysis, Traffic accidents},
	abstract     = {The World Health Organization highlights that the number of annual road traffic deaths has reached 1.35 million (Global Status Report on Road Safety 2018). In addition, million of people suffer more or less important injuries as a consequence of this type of accidents. In this scenario, the prediction of the severity of traffic accidents is an essential point when it comes to improving the prevention and reaction of the entities responsible. On the other hand, the development of reliable methodologies to predict and classify the level of severity of traffic accidents, based on various variables, is a key component in the field of research in road safety. This work aims to propose a new approach, based on convolutional neural networks, for the detection of the severity of traffic accidents. Behind this objective is the preprocessing, analysis and visualization of data as well as the design, implementation and comparison of machine learning models considering accuracy as a performance indicator. For this purpose, a scalable and easily reusable methodology has been implemented. This methodology has been compared with other deep learning models verifying that the results of the designed neural network offer better performance in terms of quality measures.}
}
%%%%%%%%%%%%%%%%%%%%%% RESULTADOS %%%%%%%%%%%%%%%%%%%%%%


%%% Herramientas Utilizadas
@Misc{Python,
	title        = {Python Language},
	author       = {Python},
	year         = 2022,
	note         = {Available at \url{https://www.python.org/about/quotes/}}
}
@Misc{Tensorflow,
	title        = {Tensorflow Library},
	author       = {Tensorflow},
	year         = 2022,
	note         = {Available at \url{https://www.tensorflow.org}}
}
@Misc{Pandas,
	title        = {Pandas Library},
	author       = {Pandas-Dev},
	year         = 2022,
	note         = {Available at \url{https://pandas.pydata.org/docs/getting_started/overview.html}}
}
@Misc{GeoPandas,
	title        = {GeoPandas Library},
	author       = {Geopandas},
	year         = 2023,
	note         = {Available at \url{https://geopandas.org/en/stable/}}
}
@Misc{Scikit-Learn,
	title        = {Scikit-learn Library},
	author       = {Scikit-Learn},
	year         = 2022,
	note         = {Available at \url{https://scikit-learn.org/stable/}}
}
@Misc{XGBoostLibrary,
	title        = {Xgboost Library},
	author       = {DMLC},
	year         = 2022,
	note         = {Available at \url{https://xgboost.readthedocs.io/en/stable/}}
}
@Misc{CUDA,
	title        = {CUDA Library},
	author       = {NVIDIA},
	year         = 2022,
	note         = {Available at \url{https://developer.nvidia.com/cuda-zone}}
}
@Misc{Anaconda,
	title        = {Anaconda library},
	author       = {Anaconda, Inc},
	year         = 2022,
	note         = {Available at \url{https://www.anaconda.com/}}
}
@Misc{DiagramsNet,
	title        = {DiagramsNet Software},
	author       = {jGraph},
	year         = 2022,
	note         = {Available at \url{https://www.diagrams.net/}}
}
@Misc{GoogleMeet,
	title        = {Google Meets Application},
	author       = {Google},
	year         = 2022,
	note         = {Available at \url{https://meet.google.com/}}
}
@Misc{Github,
	title        = {Github SVC},
	author       = {Github},
	year         = 2022,
	note         = {Available at \url{https://github.com/}}
}
@Misc{JupyterNotebook,
	title        = {Jupyter Notebook},
	author       = {Project Jupyter},
	year         = 2022,
	note         = {Available at \url{https://jupyter.org/}}
}
@Misc{JupyterLab,
	title        = {Jupyter Lab},
	author       = {Project Jupyter},
	year         = 2022,
	note         = {Available at \url{https://jupyterlab.readthedocs.io/en/stable/}}
}
% DATASET %
@Misc{InfoDatasetMadrid,
	title        = {Accidentes de tráfico de la Ciudad de Madrid},
	author       = {Portal de Datos Abiertos del Ayuntamiento de Madrid},
	year         = 2019,
	note         = {Available at \url{https://datos.madrid.es/portal/site/egob/menuitem.c05c1f754a33a9fbe4b2e4b284f1a5a0/?vgnextoid=7c2843010d9c3610VgnVCM2000001f4a900aRCRD&vgnextchannel=374512b9ace9f310VgnVCM100000171f5a0aRCRD&vgnextfmt=default}}
}
@Misc{InfoDatasetVictoria,
	title        = {Crash Stats - Data Extract},
	author       = {Victorian Department of Transport and Planning.},
	year         = 2014,
	note         = {Available at \url{https://discover.data.vic.gov.au/dataset/crash-stats-data-extract}}
}
@Misc{DatasetUK,
	title        = {Reported road collisions, vehicles and casualties tables for Great Britain},
	author       = {Department for Transport},
	year         = 2023,
	note         = {Available at \url{https://www.gov.uk/government/statistical-data-sets/reported-road-accidents-vehicles-and-casualties-tables-for-great-britain}}
}
%% Carreteras de UK %%
@Misc{UKDepartmentForTransportRoadClassification,
	title        = {Guidance on road classification and the primary route network},
	author       = {Department for Transport},
	year         = 2023,
	note         = {Available at \url{https://www.gov.uk/government/publications/guidance-on-road-classification-and-the-primary-route-network/guidance-on-road-classification-and-the-primary-route-network}}
}
%% Clasificación gravedad de UK %%
@Misc{UKDepartmentSeverityDefinition,
	title        = {Guide to severity adjustments for reported road casualties Great Britain},
	author       = {Department for Transport},
	year         = 2023,
	note         = {Available at \url{https://www.gov.uk/government/publications/guide-to-severity-adjustments-for-reported-road-casualty-statistics/guide-to-severity-adjustments-for-reported-road-casualties-great-britain}}
}
@Article{PEREZSALA2023113245,
	title        = {Deep learning model of convolutional neural networks powered by a genetic algorithm for prevention of traffic accidents severity},
	author       = {Luis Pérez-Sala and Manuel Curado and Leandro Tortosa and Jose F. Vicent},
	year         = 2023,
	journal      = {Chaos, Solitons & Fractals},
	volume       = 169,
	pages        = 113245,
	doi          = {https://doi.org/10.1016/j.chaos.2023.113245},
	issn         = {0960-0779},
	note         = {Available at \url{https://www.sciencedirect.com/science/article/pii/S0960077923001467}},
	keywords     = {Convolutional neural networks, Genetic algorithm, Data analysis, Traffic accidents},
	abstract     = {The World Health Organization highlights that the number of annual road traffic deaths has reached 1.35 million (Global Status Report on Road Safety 2018). In addition, million of people suffer more or less important injuries as a consequence of this type of accidents. In this scenario, the prediction of the severity of traffic accidents is an essential point when it comes to improving the prevention and reaction of the entities responsible. On the other hand, the development of reliable methodologies to predict and classify the level of severity of traffic accidents, based on various variables, is a key component in the field of research in road safety. This work aims to propose a new approach, based on convolutional neural networks, for the detection of the severity of traffic accidents. Behind this objective is the preprocessing, analysis and visualization of data as well as the design, implementation and comparison of machine learning models considering accuracy as a performance indicator. For this purpose, a scalable and easily reusable methodology has been implemented. This methodology has been compared with other deep learning models verifying that the results of the designed neural network offer better performance in terms of quality measures.}
}
